<record xmlns="http://www.loc.gov/MARC21/slim" xmlns:xsi="http://www.w3.org/2001/XMLSchema-instance" xsi:schemaLocation="http://www.loc.gov/MARC21/slim http://www.loc.gov/standards/marcxml/schema/MARC21slim.xsd"><leader>00037nz   2200037n  4500</leader><controlfield tag="001">DNB|10239153X</controlfield><controlfield tag="003">DNB</controlfield><controlfield tag="005">20080405190815.0</controlfield><controlfield tag="008">930416n||aznnnabbn           | aaa    |c</controlfield><datafield ind1=" " ind2=" " tag="035"><subfield code="a">(DE-101)10239153X</subfield></datafield><datafield ind1=" " ind2=" " tag="035"><subfield code="a">(DE-588a)10239153X</subfield></datafield><datafield ind1=" " ind2=" " tag="035"><subfield code="a">(DE-588c)4722321-2</subfield></datafield><datafield ind1=" " ind2=" " tag="040"><subfield code="a">DE-12</subfield><subfield code="b">ger</subfield><subfield code="c">DE-101</subfield><subfield code="e">rakwb</subfield><subfield code="d">9999</subfield></datafield><datafield ind1=" " ind2=" " tag="043"><subfield code="c">XS</subfield></datafield><datafield ind1=" " ind2=" " tag="065"><subfield code="2">sswd</subfield><subfield code="a">12.2p</subfield></datafield><datafield ind1=" " ind2=" " tag="079"><subfield code="a">p</subfield><subfield code="q">f</subfield><subfield code="q">p</subfield><subfield code="q">s</subfield><subfield code="t">12-PAN</subfield><subfield code="t">Lokale Kennung: B57 RVK</subfield></datafield><datafield ind1="0" ind2=" " tag="100"><subfield code="a">Diotimus</subfield><subfield code="c">Adramyttenus</subfield><subfield code="d">fl.3. Jh. v. Chr.</subfield></datafield><datafield ind1="0" ind2=" " tag="400"><subfield code="a">Diotimos</subfield><subfield code="c">von Adramyttion</subfield><subfield code="d">fl.3. Jh. v. Chr.</subfield></datafield><datafield ind1="0" ind2=" " tag="400"><subfield code="a">Diotimus</subfield><subfield code="c">Epicus</subfield><subfield code="d">fl.3. Jh. v. Chr.</subfield></datafield><datafield ind1="0" ind2=" " tag="400"><subfield code="a">Diotimus</subfield><subfield code="c">Epigrammaticus</subfield><subfield code="d">fl.3. Jh. v. Chr.</subfield></datafield><datafield ind1="0" ind2=" " tag="400"><subfield code="a">Diotimos</subfield><subfield code="c">Epigrammatiker des Meleagros-Kranzes</subfield><subfield code="d">fl.3. Jh. v. Chr.</subfield></datafield><datafield ind1=" " ind2=" " tag="549"><subfield code="w">i</subfield><subfield code="i">Zeit</subfield><subfield code="a">3. Jh. v. Chr.</subfield></datafield><datafield ind1=" " ind2=" " tag="670"><subfield code="a">PND, Pauly 4., Lex. alte Welt</subfield></datafield><datafield ind1=" " ind2=" " tag="678"><subfield code="a">Griech. Epigrammatiker des Meleager-Kranzes</subfield></datafield></record>